@misc{www:EP96,
	author = {David Eppstein},
	year = 1996,
	title = {ICS 161: Design and Analysis of Algorithms},
	url = "http://www.ics.uci.edu/~eppstein/161/960229.html"
}

@misc{www:ECLEMMA,
	author = {EclEmma-Plugin},
	title = {EclEmma 2.2.0},
	url = "http://eclemma.org/"
}
